
@book{siegwart2011introduction,
  title={Introduction to autonomous mobile robots},
  author={Siegwart, Roland and Nourbakhsh, Illah Reza and Scaramuzza, Davide},
  year={2011},
  publisher={MIT press}
}
@article{borenstein1996sensors,
  title={Where am I? Sensors and methods for mobile robot positioning},
  author={Borenstein, Johann and Everett, HR and Feng, Liqiang and others},
  journal={University of Michigan},
  volume={119},
  number={120},
  pages={27},
  year={1996},
  publisher={Citeseer}
}
@article{lima2010localizaccao,
  title={Localiza{\c{c}}{\~a}o absoluta de rob{\^o}s m{\'o}veis em ambientes insdustriais},
  author={Lima, David and others},
  year={2010}
}
@article{robotics2016v,
  title={V-REP (Virtual Robot Experimentation Platform)},
  author={Robotics, Coppelia},
  journal={ Available: http://www.coppeliarobotics.com/.Last Access: September 28, 2019},
  year={2016}
}
@article{viet2007vision,
  title={Vision-based obstacle avoidance for a small, Low-cost robot.},
  author={Viet, Chau Nguyen and Marshall, Ian W},
  journal={ICAR 2007},
  year={2007}
}
@article{fischler1981random,
  title={Random sample consensus: a paradigm for model fitting with applications to image analysis and automated cartography},
  author={Fischler, Martin A and Bolles, Robert C},
  journal={Communications of the ACM},
  volume={24},
  number={6},
  pages={381--395},
  year={1981},
  publisher={ACM}
}
@article{myung2010mobile,
  title={Mobile robot localization with gyroscope and constrained Kalman filter},
  author={Myung, Hyun and Lee, Hyoung-Ki and Choi, Kiwan and Bang, Seokwon},
  journal={International Journal of Control, Automation and Systems},
  volume={8},
  number={3},
  pages={667--676},
  year={2010},
  publisher={Springer}
}

@misc{Gyroscope,
   author = "What is a Gyroscope?",
   title = "sparkfun",
   year = "2019",
   url = "https://learn.sparkfun.com/tutorials/gyroscope/all",
   note = "[Online; accessed 28-September-2019]"
 }

@article{khadraoui1996visual,
  title={Visual servoing in robotics scheme using a camera/laser-stripe sensor},
  author={Khadraoui, Djamel and Motyl, Guy and Martinet, Philippe and Gallice, Jean and Chaumette, Fran{\c{c}}ois},
  journal={IEEE Transactions on Robotics and Automation},
  volume={12},
  number={5},
  pages={743--750},
  year={1996},
  publisher={IEEE}
}



@misc{Laser,
   author = "What is a Laser Sensor?",
   title = "automationdirect",
   year = "2019",
   url = "https://library.automationdirect.com/what-is-a-laser-sensor/",
   note = "[Online; accessed 28-September-2019]"
 }

@misc{estherclasses,
   author = "Colombini Esther",
   title = "Autonomous Robotics Class, Lectures 5 to 8",
   year = "2019",
   url = "https://www.ic.unicamp.br/~esther/teaching/2019s2/mo651/index.html",
   note = "[Online; accessed 28-September-2019]"
 }

